@article{cirulli,
  title={Continuous integration for xml and rdf data},
  author={Cirulli, Sandro},
  journal={XML LONDON},
  pages={52--60},
  year={2015}
}

@article{fowler,
  title={Continuous integration},
  author={Fowler, Martin and Foemmel, Matthew},
  journal={Thought-Works) http://www. thoughtworks. com/Continuous Integration. pdf},
  volume={122},
  number={14},
  pages={1--7},
  year={2006}
}

@inproceedings{klimek,
  title={Requirements on Linked Data Consumption Platform.},
  author={Kl{\'\i}mek, Jakub and Skoda, Petr and Necask{\`y}, Martin},
  booktitle={LDOW@ WWW},
  year={2016}
}

@inproceedings{kucera,
  title={Methodologies and Best Practices for Open Data Publication.},
  author={Kucera, Jan and Chlapek, Dusan and Kl{\'\i}mek, Jakub and Necask{\`y}, Martin},
  booktitle={DATESO},
  pages={52--64},
  year={2015}
}

@inproceedings{meissner,
  title={Using devOps principles to continuously monitor RDF data quality},
  author={Meissner, Roy and Junghanns, Kurt},
  booktitle={Proceedings of the 12th International Conference on Semantic Systems},
  pages={189--192},
  year={2016}
}

@inproceedings{rojas,
  title={A preliminary open data publishing strategy for live data in flanders},
  author={Rojas Mel{\'e}ndez, Juli{\'a}n Andr{\'e}s and Van de Vyvere, Brecht and Gevaert, Arne and Taelman, Ruben and Colpaert, Pieter and Verborgh, Ruben},
  booktitle={Companion Proceedings of the The Web Conference 2018},
  pages={1847--1853},
  year={2018}
}

@inproceedings{roman,
  title={Datagraft: Simplifying open data publishing},
  author={Roman, Dumitru and Dimitrov, Marin and Nikolov, Nikolay and Putlier, Antoine and Sukhobok, Dina and Elves{\ae}ter, Brian and Berre, Arne and Ye, Xianglin and Simov, Alex and Petkov, Yavor},
  booktitle={European Semantic Web Conference},
  pages={101--106},
  year={2016},
  organization={Springer}
}

@article{zaveri,
  title={Quality assessment for linked data: A survey},
  author={Zaveri, Amrapali and Rula, Anisa and Maurino, Andrea and Pietrobon, Ricardo and Lehmann, Jens and Auer, Soeren},
  journal={Semantic Web},
  volume={7},
  number={1},
  pages={63--93},
  year={2016},
  publisher={IOS Press}
}

@inproceedings{alobaid,
  title={OnToology, a tool for collaborative development of ontologies.},
  author={Alobaid, Ahmad and Garijo, Daniel and Poveda-Villal{\'o}n, Mar{\'\i}a and Santana-Perez, Idafen and Corcho, Oscar},
  booktitle={ICBO},
  year={2015}
}

@article{basca,
  title={Neologism: Easy vocabulary publishing},
  author={Basca, Cosmin and Corlosquet, St{\'e}phane and Cyganiak, Richard and Fern{\'a}ndez, Sergio and Schandl, Thomas},
  year={2008}
}

@inproceedings{peroni,
  title={The live OWL documentation environment: a tool for the automatic generation of ontology documentation},
  author={Peroni, Silvio and Shotton, David and Vitali, Fabio},
  booktitle={International Conference on Knowledge Engineering and Knowledge Management},
  pages={398--412},
  year={2012},
  organization={Springer}
}

@article{poveda,
  title={Oops!(ontology pitfall scanner!): An on-line tool for ontology evaluation},
  author={Poveda-Villal{\'o}n, Mar{\'\i}a and G{\'o}mez-P{\'e}rez, Asunci{\'o}n and Su{\'a}rez-Figueroa, Mari Carmen},
  journal={International Journal on Semantic Web and Information Systems (IJSWIS)},
  volume={10},
  number={2},
  pages={7--34},
  year={2014},
  publisher={IGI Global}
}

@incollection{suarez,
  title={The NeOn methodology for ontology engineering},
  author={Su{\'a}rez-Figueroa, Mari Carmen and G{\'o}mez-P{\'e}rez, Asunci{\'o}n and Fern{\'a}ndez-L{\'o}pez, Mariano},
  booktitle={Ontology engineering in a networked world},
  pages={9--34},
  year={2012},
  publisher={Springer}
}

@inproceedings{halilaj,
  title={Vocol: An integrated environment to support version-controlled vocabulary development},
  author={Halilaj, Lavdim and Petersen, Niklas and Grangel-Gonz{\'a}lez, Irl{\'a}n and Lange, Christoph and Auer, S{\"o}ren and Coskun, G{\"o}khan and Lohmann, Steffen},
  booktitle={European Knowledge Acquisition Workshop},
  pages={303--319},
  year={2016},
  organization={Springer}
}

@inproceedings{lohmann,
  title={WebVOWL: Web-based visualization of ontologies},
  author={Lohmann, Steffen and Link, Vincent and Marbach, Eduard and Negru, Stefan},
  booktitle={International Conference on Knowledge Engineering and Knowledge Management},
  pages={154--158},
  year={2014},
  organization={Springer}
}

@inproceedings{stadler,
  title={RDF-based Deployment Pipelining for Efficient Dataset Release Management.},
  author={Stadler, Claus and Wenige, Lisa and Martin, Michael and Tramp, Sebastian and Junghanns, Kurt},
  booktitle={SEMANTICS Posters\&Demos},
  year={2019}
}













